<?xml version="1.0" encoding="UTF-8"?>
<collection xmlns="http://www.loc.gov/MARC21/slim">
  <record>
    <leader>07766nasa 2201345I  4500</leader>
    <controlfield tag="001"></controlfield>
    <controlfield tag="003">GEU</controlfield>
    <controlfield tag="005">20090121041358.0</controlfield>
    <controlfield tag="006">m        d        </controlfield>
    <controlfield tag="007">cr ||||||||d|a</controlfield>
    <controlfield tag="008">821112d18uu19uugauuu        l0    1eng  </controlfield>
    <datafield tag="043" ind1=" " ind2=" ">
      <subfield code="a">n-us-ga</subfield>
    </datafield>
    <datafield tag="050" ind1="0" ind2=" ">
      <subfield code="a">F294.A8</subfield>
      <subfield code="b">A18</subfield>
    </datafield>
    <datafield tag="245" ind1="0" ind2="0">
      <subfield code="a">Atlanta City Directory Co.'s Greater Atlanta (Georgia) city directory ... including Avondale, Buckhead ... and all immediate suburbs ..</subfield>
      <subfield code="h"> [electronic resource].</subfield>
    </datafield>
    <datafield tag="247" ind1="1" ind2="0">
      <subfield code="a">Sholes' directory of the city of Atlanta, Ga. ...</subfield>
      <subfield code="f">18</subfield>
    </datafield>
    <datafield tag="247" ind1="1" ind2="0">
      <subfield code="a">Sholes' Atlanta city directory ...</subfield>
      <subfield code="f">1882</subfield>
    </datafield>
    <datafield tag="247" ind1="1" ind2="0">
      <subfield code="a">Atlanta, Ga., city directory ...</subfield>
      <subfield code="f">1883</subfield>
    </datafield>
    <datafield tag="247" ind1="1" ind2="0">
      <subfield code="a">Weatherbe's Atlanta, Ga. duplex city directory ...</subfield>
      <subfield code="f">18</subfield>
    </datafield>
    <datafield tag="247" ind1="1" ind2="0">
      <subfield code="a">Atlanta city directory ...</subfield>
      <subfield code="f">18 -1916</subfield>
    </datafield>
    <datafield tag="247" ind1="1" ind2="0">
      <subfield code="a">Atlanta City Directory Company's Atlanta city directory ...</subfield>
      <subfield code="f">1918-1927</subfield>
    </datafield>
    <datafield tag="247" ind1="1" ind2="0">
      <subfield code="a">Atlanta City Directory Company's Atlanta (Georgia) city directory ...</subfield>
      <subfield code="f">1928-1930</subfield>
    </datafield>
    <datafield tag="247" ind1="1" ind2="0">
      <subfield code="a">Atlanta City Directory Co.'s greater Atlanta (Georgia) city directory ... including Avondale, Buckhead ... and all immediate suburbs ...</subfield>
      <subfield code="f">1931-19</subfield>
    </datafield>
    <datafield tag="300" ind1=" " ind2=" ">
      <subfield code="a">v. 24-27 cm.</subfield>
    </datafield>
    <datafield tag="362" ind1="0" ind2=" ">
      <subfield code="a">v. 1 (1877?)-1981?</subfield>
    </datafield>
    <datafield tag="500" ind1=" " ind2=" ">
      <subfield code="a">Volume designation on item dropped sometime after V.5 (1881).</subfield>
    </datafield>
    <datafield tag="515" ind1=" " ind2=" ">
      <subfield code="a">Two directories, having the same volume no. 25, were issued for 1901, by the Maloney Publishing Company, one having the date: c1900, the other (revised edition) having the date c1901.</subfield>
    </datafield>
    <datafield tag="533" ind1=" " ind2=" ">
      <subfield code="a">Electronic reproduction.</subfield>
      <subfield code="b">Atlanta, Ga.:</subfield>
      <subfield code="c">Emory University Digital Library Publications Program,</subfield>
      <subfield code="d">2010.</subfield>
      <subfield code="f">Emory Digital Library</subfield>
    </datafield>
    <datafield tag="550" ind1=" " ind2=" ">
      <subfield code="a">Publishers: 18 -82, Sholes &amp; Co.-1883- C.F. Weatherbe.-18 R.L. Polk &amp; Co.-18 V.V. Bullock and Mrs. F.A. Saunders.-1900, The Maloney Directory Co.-1901- The Maloney Publishing Company.-19 Foote &amp; Davies Co. and J.W. Hill.-19 Atlanta City Directory Co.</subfield>
    </datafield>
    <datafield tag="583" ind1="1" ind2=" ">
      <subfield code="3">1878-1922</subfield>
      <subfield code="a">digitized</subfield>
      <subfield code="c">2007</subfield>
      <subfield code="x">public domain</subfield>
      <subfield code="2">pda</subfield>
      <subfield code="5">GEU</subfield>
    </datafield>
    <datafield tag="590" ind1=" " ind2=" ">
      <subfield code="a">The online editions of this directory for 1878-1923 are in the public domain, i.e., not protected by copyright, and have been produced by the Emory University Digital Library Publications Program in collaboration with Lyrasis.</subfield>
    </datafield>
    <datafield tag="651" ind1=" " ind2="0">
      <subfield code="a">Atlanta (Ga.)</subfield>
      <subfield code="v">Directories.</subfield>
    </datafield>
    <datafield tag="785" ind1="0" ind2="0">
      <subfield code="t">Atlanta (De Kalb and Fulton Counties, Ga.) Polk directory</subfield>
      <subfield code="w">(OCoLC)19770305</subfield>
    </datafield>
    <datafield tag="786" ind1="1" ind2=" ">
      <subfield code="o">LCCN:   12026325</subfield>
      <subfield code="o">Emory Call No. F293.2 .A8 A18 1878</subfield>
      <subfield code="w">(GEU)ocm08951025</subfield>
    </datafield>
    <datafield tag="856" ind1="4" ind2="0">
      <subfield code="3">PDF version</subfield>
      <subfield code="u">http://pid.emory.edu/ark:/25593/7svgb/PDF</subfield>
      <subfield code="q">application/pdf</subfield>
      <subfield code="y">1909</subfield>
    </datafield>
    <datafield tag="966" ind1=" " ind2="0">
      <subfield code="a">GENERAL HAS: 1878, 1881, 1891-1892, 1896-1899, 1902-1914, 1916, 1918-1919, 1921-1933, 1936-1945, 1947-1953, 1955-1963, 1965-1981</subfield>
    </datafield>
    <datafield tag="994" ind1=" " ind2=" ">
      <subfield code="a">C0</subfield>
      <subfield code="b">EMU</subfield>
    </datafield>
  </record>
</collection>
